<marc:record xmlns:marc="http://www.loc.gov/MARC21/slim" xmlns:xsi="http://www.w3.org/2001/XMLSchema-instance" xsi:schemaLocation="http://www.loc.gov/MARC21/slim http://www.loc.gov/standards/marcxml/schema/MARC21slim.xsd">
  <marc:leader>     cam a2200289 a 4500</marc:leader>
  <marc:controlfield tag="001">001689257</marc:controlfield>
  <marc:controlfield tag="003">NNU</marc:controlfield>
  <marc:controlfield tag="005">20061010170927.0</marc:controlfield>
  <marc:controlfield tag="008">001212s1895    ua            000 0 ara d</marc:controlfield>
  <marc:datafield tag="035" ind1="9" ind2=" ">
    <marc:subfield code="a">NYUb12233613</marc:subfield>
  </marc:datafield>
  <marc:datafield tag="035" ind1=" " ind2=" ">
    <marc:subfield code="a">(CStRLIN)NYUG00-B4087</marc:subfield>
  </marc:datafield>
  <marc:datafield tag="040" ind1=" " ind2=" ">
    <marc:subfield code="a">NNU</marc:subfield>
    <marc:subfield code="c">NNU</marc:subfield>
  </marc:datafield>
  <marc:datafield tag="050" ind1=" " ind2="4">
    <marc:subfield code="a">BP130.4</marc:subfield>
    <marc:subfield code="b">.K36</marc:subfield>
  </marc:datafield>
  <marc:datafield tag="066" ind1=" " ind2=" ">
    <marc:subfield code="c">(3</marc:subfield>
  </marc:datafield>
  <marc:datafield tag="090" ind1=" " ind2=" ">
    <marc:subfield code="a">BP130.4</marc:subfield>
    <marc:subfield code="b">.K36</marc:subfield>
  </marc:datafield>
  <marc:datafield tag="100" ind1="1" ind2=" ">
    <marc:subfield code="a">Khāzin al-Baghdādī, ʻAlī ibn Muḥammad,</marc:subfield>
    <marc:subfield code="d">1279 or 80-1341</marc:subfield>
    <marc:subfield code="6">01</marc:subfield>
  </marc:datafield>
  <marc:datafield tag="100" ind1="1" ind2=" ">
    <marc:subfield code="6">01</marc:subfield>
    <marc:subfield code="a">خازن البغدادي، عبد الله بن محمد.</marc:subfield>
  </marc:datafield>
  <marc:datafield tag="240" ind1="1" ind2="0">
    <marc:subfield code="6">02</marc:subfield>
    <marc:subfield code="a">Lubāb al-taʼwīl fī maʻānī al-tanzīl</marc:subfield>
  </marc:datafield>
  <marc:datafield tag="240" ind1="1" ind2="0">
    <marc:subfield code="6">02</marc:subfield>
    <marc:subfield code="a">لباب التأويل في معاني التنزيل</marc:subfield>
  </marc:datafield>
  <marc:datafield tag="245" ind1="1" ind2="0">
    <marc:subfield code="6">03</marc:subfield>
    <marc:subfield code="a">Tafsīr al-Qurʼān al-musammá Lubāb al-taʼwīl fī maʻānī al -tanzīl /</marc:subfield>
    <marc:subfield code="c">taʼlīf ʻAlāʼ al-Dīn ʻAlī ibn Muḥammad ibn Ibrāhīm al -Baghdādī al-maʻrūf bi-al-Khāzin. Wa-bi-hāmishihi tafsīr Madārik al-tanzīl wa-ḥaqāʼiq al-taʼwīl / li-Abī al-Barakāt ʻAbd Allāh ibn Aḥmad ibn Maḥmūd al-Nasafī.</marc:subfield>
  </marc:datafield>
  <marc:datafield tag="245" ind1="1" ind2="0">
    <marc:subfield code="6">03</marc:subfield>
    <marc:subfield code="a">تفسير القرآن المسمى لباب التأويل في معاني التنزيل /</marc:subfield>
    <marc:subfield code="c">تأليف علاء الدين علي بن محمد بن إبراهيم البغدادي المعروف بالخازن. وبهامشه تفسير مدارك التنزيل وحقائق التأويل / لأبى بركات عبد الله بن أحمد بن محمود النسفى.</marc:subfield>
  </marc:datafield>
  <marc:datafield tag="260" ind1=" " ind2=" ">
    <marc:subfield code="6">04</marc:subfield>
    <marc:subfield code="a">Miṣr :</marc:subfield>
    <marc:subfield code="b">al-Maṭbaʻah al-Azharīyah,</marc:subfield>
    <marc:subfield code="c">1895.</marc:subfield>
  </marc:datafield>
  <marc:datafield tag="260" ind1=" " ind2=" ">
    <marc:subfield code="6">04</marc:subfield>
    <marc:subfield code="a">مصر :</marc:subfield>
    <marc:subfield code="b">المطبعة الأزهرية،</marc:subfield>
    <marc:subfield code="c">١٨٩٥.</marc:subfield>
  </marc:datafield>
  <marc:datafield tag="300" ind1=" " ind2=" ">
    <marc:subfield code="a">4 v. ;</marc:subfield>
    <marc:subfield code="c">28 cm.</marc:subfield>
  </marc:datafield>
  <marc:datafield tag="630" ind1="0" ind2="0">
    <marc:subfield code="a">Koran</marc:subfield>
    <marc:subfield code="v">Commentaries.</marc:subfield>
  </marc:datafield>
  <marc:datafield tag="700" ind1="1" ind2="2">
    <marc:subfield code="a">Nasafī, ʻAbd Allāh ibn Aḥmad,</marc:subfield>
    <marc:subfield code="d">d. 1310</marc:subfield>
    <marc:subfield code="6">05</marc:subfield>
    <marc:subfield code="t">Madārik al-tanzīl wa-ḥaqāʼiq al-taʼwīl.</marc:subfield>
  </marc:datafield>
  <marc:datafield tag="700" ind1="1" ind2="2">
    <marc:subfield code="6">05</marc:subfield>
    <marc:subfield code="a">نسفي، عبد الله بن أحمد.</marc:subfield>
    <marc:subfield code="t">مدارك التنزيل وحقائق التأويل.</marc:subfield>
  </marc:datafield>
  <marc:datafield tag="998" ind1=" " ind2=" ">
    <marc:subfield code="a">20001213</marc:subfield>
    <marc:subfield code="d">20001212</marc:subfield>
    <marc:subfield code="d">20001213</marc:subfield>
    <marc:subfield code="n">NNU</marc:subfield>
    <marc:subfield code="s">1</marc:subfield>
    <marc:subfield code="t">c</marc:subfield>
    <marc:subfield code="z">p</marc:subfield>
  </marc:datafield>
</marc:record>
